@article{Buchalla:2018yce,
    author = "Buchalla, G. and Capozi, M. and Celis, A. and Heinrich, G. and Scyboz, L.",
    title = "{Higgs boson pair production in non-linear Effective Field Theory with full $m_t$-dependence at NLO QCD}",
    eprint = "1806.05162",
    archivePrefix = "arXiv",
    primaryClass = "hep-ph",
    reportNumber = "LMU-ASC 34/18, MPP-2018-127, LMU-ASC-34-18",
    doi = "10.1007/JHEP09(2018)057",
    journal = "JHEP",
    volume = "09",
    pages = "057",
    year = "2018"
}
@article{Contino:2013kra,
    author = "Contino, Roberto and Ghezzi, Margherita and Grojean, Christophe and Muhlleitner, Margarete and Spira, Michael",
    title = "{Effective Lagrangian for a light Higgs-like scalar}",
    eprint = "1303.3876",
    archivePrefix = "arXiv",
    primaryClass = "hep-ph",
    reportNumber = "CERN-PH-TH-2013-047, KA-TP-06-2013, PSI-PR-13-04",
    doi = "10.1007/JHEP07(2013)035",
    journal = "JHEP",
    volume = "07",
    pages = "035",
    year = "2013"
}
@article{Hartmann:2015aia,
    author = "Hartmann, Christine and Trott, Michael",
    title = "{Higgs Decay to Two Photons at One Loop in the Standard Model Effective Field Theory}",
    eprint = "1507.03568",
    archivePrefix = "arXiv",
    primaryClass = "hep-ph",
    doi = "10.1103/PhysRevLett.115.191801",
    journal = "Phys. Rev. Lett.",
    volume = "115",
    number = "19",
    pages = "191801",
    year = "2015"
}
@article{Brivio:2017vri,
    author = "Brivio, Ilaria and Trott, Michael",
    title = "{The Standard Model as an Effective Field Theory}",
    eprint = "1706.08945",
    archivePrefix = "arXiv",
    primaryClass = "hep-ph",
    doi = "10.1016/j.physrep.2018.11.002",
    journal = "Phys. Rept.",
    volume = "793",
    pages = "1--98",
    year = "2019"
}
@article{Grzadkowski:2010es,
    author = "Grzadkowski, B. and Iskrzynski, M. and Misiak, M. and Rosiek, J.",
    title = "{Dimension-Six Terms in the Standard Model Lagrangian}",
    eprint = "1008.4884",
    archivePrefix = "arXiv",
    primaryClass = "hep-ph",
    reportNumber = "IFT-9-2010, TTP10-35",
    doi = "10.1007/JHEP10(2010)085",
    journal = "JHEP",
    volume = "10",
    pages = "085",
    year = "2010"
}
@article{Grober:2017gut,
    author = "Grober, R. and Muhlleitner, M. and Spira, M.",
    title = "{Higgs Pair Production at NLO QCD for CP-violating Higgs Sectors}",
    eprint = "1705.05314",
    archivePrefix = "arXiv",
    primaryClass = "hep-ph",
    doi = "10.1016/j.nuclphysb.2017.10.002",
    journal = "Nucl. Phys. B",
    volume = "925",
    pages = "1--27",
    year = "2017"
}
@article{Heinrich:2020ckp,
    author = "Heinrich, Gudrun and Jones, Stephen P. and Kerner, Matthias and Scyboz, Ludovic",
    title = "{A non-linear EFT description of $gg\to HH$ at NLO interfaced to POWHEG}",
    eprint = "2006.16877",
    archivePrefix = "arXiv",
    primaryClass = "hep-ph",
    reportNumber = "CERN-TH-2020-106, KA-TP-04-2020, OUTP-20-06P, P3H-20-026,
  ZU-TH-21/20, P3H-20-026, ZU-TH-21/20",
    doi = "10.1007/JHEP10(2020)021",
    journal = "JHEP",
    volume = "10",
    pages = "021",
    year = "2020"
}
@article{Capozi:2019xsi,
    author = "Capozi, Matteo and Heinrich, Gudrun",
    title = "{Exploring anomalous couplings in Higgs boson pair production through shape analysis}",
    eprint = "1908.08923",
    archivePrefix = "arXiv",
    primaryClass = "hep-ph",
    reportNumber = "MPP-2019-183",
    doi = "10.1007/JHEP03(2020)091",
    journal = "JHEP",
    volume = "03",
    pages = "091",
    year = "2020"
}
@article{Grober:2015cwa,
    author = "Grober, Ramona and Muhlleitner, Margarete and Spira, Michael and Streicher, Juraj",
    title = "{NLO QCD Corrections to Higgs Pair Production including Dimension-6 Operators}",
    eprint = "1504.06577",
    archivePrefix = "arXiv",
    primaryClass = "hep-ph",
    reportNumber = "KA-TP-08-2015, PSI-PR-15-03, RM3-TH-15-5",
    doi = "10.1007/JHEP09(2015)092",
    journal = "JHEP",
    volume = "09",
    pages = "092",
    year = "2015"
}
@article{Dawson:1998py,
    author = "Dawson, S. and Dittmaier, S. and Spira, M.",
    title = "{Neutral Higgs boson pair production at hadron colliders: QCD corrections}",
    eprint = "hep-ph/9805244",
    archivePrefix = "arXiv",
    reportNumber = "DESY-98-028, BNL-HET-98-15, CERN-TH-98-135",
    doi = "10.1103/PhysRevD.58.115012",
    journal = "Phys. Rev. D",
    volume = "58",
    pages = "115012",
    year = "1998"
}
@software{SPIRA,
  author = {{M.~Spira}},
  title = {{hpair}},
  url = {http://tiger.web.psi.ch/proglist.html}
}
@article{Alwall:2014hca,
    author = "Alwall, J. and Frederix, R. and Frixione, S. and Hirschi, V. and Maltoni, F. and Mattelaer, O. and Shao, H. -S. and Stelzer, T. and Torrielli, P. and Zaro, M.",
    title = "{The automated computation of tree-level and next-to-leading order differential cross sections, and their matching to parton shower simulations}",
    eprint = "1405.0301",
    archivePrefix = "arXiv",
    primaryClass = "hep-ph",
    reportNumber = "CERN-PH-TH-2014-064, CP3-14-18, LPN14-066, MCNET-14-09, ZU-TH-14-14",
    doi = "10.1007/JHEP07(2014)079",
    journal = "JHEP",
    volume = "07",
    pages = "079",
    year = "2014"
}